@manual{node,
	title = {Node.js},
	organization = {OpenJS Foundation},
	url = {https://nodejs.org/it/}
}

@manual{vue,
	title = {Vue.js},
	organization = {Evan You},
	url = {https://vuejs.org/}
}

@manual{express,
	title = {Express js},
	organization = {OpenJS Foundation},
	url = {https://expressjs.com/it/}
}

@manual{apexcharts,
	title = {ApexCharts},
	organization = {ApexCharts},
	url = {https://apexcharts.com/}
}

@manual{axios,
	title = {Axios},
	organization = {Matt Zabriskie},
	url = {https://axios-http.com/}
}

@manual{photo-sphere-viewer,
	title = {Photo-Sphere-Viewer},
	organization = {JÃ©remy Heleine},
	url = {https://photo-sphere-viewer.js.org/}
}